%% This BibTeX bibliography file was created using BibDesk.
%% https://bibdesk.sourceforge.io/

%% Created for mac at 2023-02-19 20:37:34 +0800 


%% Saved with string encoding Unicode (UTF-8) 



@misc{muzi2020ctex,
	author = {慕子},
	month = {03},
	title = {2018年，为什么不推荐使用 CTeX 套装了},
	url = {https://zhuanlan.zhihu.com/p/45174503},
	year = {2020},
	bdsk-url-1 = {https://zhuanlan.zhihu.com/p/45174503}}

@misc{seugs2015rule,
	author = {东南大学研究生院},
	month = {06},
	title = {东南大学研究生学位论文格式规定},
	url = {http://seugs.seu.edu.cn/2013/1126/c3686a36680/page.htm},
	year = {2015},
	bdsk-url-1 = {http://seugs.seu.edu.cn/2013/1126/c3686a36680/page.htm}}

@misc{seugs2018license,
	author = {东南大学研究生院},
	month = {03},
	title = {学位论文独创性和使用授权声明（20180321新版）},
	url = {https://seugs.seu.edu.cn/_upload/article/files/97/30/4568eaee4d40bee1ad81197ad8d9/4689f0f7-8a7a-480e-a238-02c9c475f9c1.doc},
	year = {2018},
	bdsk-url-1 = {https://seugs.seu.edu.cn/_upload/article/files/97/30/4568eaee4d40bee1ad81197ad8d9/4689f0f7-8a7a-480e-a238-02c9c475f9c1.doc}}

@article{blum2013learning,
	author = {Blum, Avrim and Ligett, Katrina and Roth, Aaron},
	journal = {Journal of the ACM (JACM)},
	number = {2},
	pages = {1--25},
	publisher = {ACM New York, NY, USA},
	title = {A learning theory approach to noninteractive database privacy},
	volume = {60},
	year = {2013}}

@inproceedings{forrest2008evolution,
	author = {Forrest, Stephanie and Hofmeyr, Steven and Somayaji, Anil},
	booktitle = {2008 annual computer security applications conference (acsac)},
	organization = {IEEE},
	pages = {418--430},
	title = {The evolution of system-call monitoring},
	year = {2008}}

@inproceedings{srivastava2011operating,
	author = {Srivastava, Abhinav and Lanzi, Andrea and Giffin, Jonathon and Balzarotti, Davide},
	booktitle = {International Conference on Detection of Intrusions and Malware, and Vulnerability Assessment},
	organization = {Springer},
	pages = {214--233},
	title = {Operating system interface obfuscation and the revealing of hidden operations},
	year = {2011}}

@book{feng2019androidsecurity,
	author = {丰生强},
	edition = {第2版},
	pages = {23-25},
	publisher = {电子工业出版社},
	title = {Android软件安全权威指南},
	year = {2019}}

@book{williams2006gaussian,
	author = {Williams, Christopher KI and Rasmussen, Carl Edward},
	number = {3},
	publisher = {MA: MIT press Cambridge},
	title = {Gaussian processes for machine learning},
	volume = {2},
	year = {2006}}

@phdthesis{gibbs1998bayesian,
	author = {Gibbs, Mark N},
	school = {Citeseer},
	title = {Bayesian Gaussian processes for regression and classification},
	year = {1998}}

@article{DLTD202006002,
	author = {赵思萌},
	doi = {10.13291/j.cnki.djdxac.2020.06.002},
	issn = {1673-9590},
	journal = {大连交通大学学报},
	number = {6-11},
	title = {基于强化学习算法原则的出行选择行为建模与仿真},
	year = {2020},
	bdsk-url-1 = {https://doi.org/10.13291/j.cnki.djdxac.2020.06.002}}

@article{JTJS201704007,
	author = {吴学新,凌帅 & 李庚},
	issn = {1674-4861},
	journal = {交通信息与安全},
	number = {52-62},
	title = {基于强化学习的限行政策下双模式出发时间选择仿真研究},
	year = {2017}}

@phdthesis{1017022363.nh,
	author = {唐立},
	school = {西南交通大学},
	title = {多元出行信息影响下的交通选择行为研究},
	year = {2015}}

@mastersthesis{1018216030.nh,
	author = {李梦凡},
	school = {合肥工业大学},
	title = {交通信息诱导下个体出行选择行为研究},
	year = {2018}}

@article{JSYJ201008008,
 author = {陈学松 &amp; 杨宜民},
 title = {强化学习研究综述},
 journal = {计算机应用研究},
 volume = {},
 number = {2834-2838+2844},
 year = {2010},
 issn = {1001-3695},
 doi ={}
 }

 @article{MOTO200401010,
 author = {高阳,陈世福,陆鑫},
 title = {强化学习研究综述},
 journal = {自动化学报},
 volume = {},
 number = {86-100},
 year = {2004},
 issn = {0254-4156},
 doi ={10.16383/j.aas.2004.01.011}
 }

 @article{XTYY202012003,
 author = {李茹杨,彭慧民,李仁刚 &amp; 赵坤},
 title = {强化学习算法与应用综述},
 journal = {计算机系统应用},
 volume = {},
 number = {13-25},
 year = {2020},
 issn = {1003-3254},
 doi ={10.15888/j.cnki.csa.007701}
 }


